@online{bertgit,
    author = "Google",
    title = "Pre-trained models for BERT",
    url  = "https://github.com/google-research/bert"
}